% This file was created with JabRef 2.10.
% Encoding: Cp1252

@InProceedings{1, 
  Title     = {Batch normalization: Accelerating deep network training by reducing internal covariate shift.},
  Author    = {S. Ioffe and C. Szegedy.},
  Booktitle = {Proceedings of the 32nd International Conference on Machine Learning,
               {ICML}},
  Year      = {2015},
  Pages     = {448--456} 
}

@InProceedings{2,
  Title                    = {ctivitynet: A large-scale video benchmark for human activity understanding.},
  Author                   = {F. C. Heilbron and V. Escorcia and B. Ghanem and J. C. Niebles.},
  Booktitle                = {IEEE Conference on Computer Vision and Pattern Recognition (CVPR)},
  Year                     = {2015},
  Pages                    = {961--970}
}


@InProceedings{3,
  Title                    = {Large-scale video classification with convolutional neural networks},
  Author                   = {A. Karpathy and G. Toderici and S. Shetty and T. Leung and R. Sukthankar and L. Fei-Fei},
  Booktitle                = {IEEE Conference on Computer Vision and Pattern Recognition (CVPR)},
  Year                     = {2014},
  Address                  = {Columbus, Ohio, USA},
  Pages                    = {1725-1732}
}

@InProceedings{4,
  Title                    = {Youtube-8m: A large-scale video classification benchmark. arXiv
                              preprint arXiv:1502.07209},
  Author                   = {Abu-El-Haija Sami and  et al.},
  Year                     = {2016}

}



